@online{codeproject2002,
author = {CodeProject},
title = {Singleton Pattern and its implementation with C++},
year = {2002},
url = {http://www.codeproject.com/Articles/1921/Singleton-Pattern-its-implementation-with-C},
}
