@online{codeproject2002,
author = {CodeProject},
title = {Singleton Pattern and its implementation with C++},
year = {2002},
url = {http://www.codeproject.com/Articles/1921/Singleton-Pattern-its-implementation-with-C},
}
@online{munzee11,
author = {Munzee},
title = {Munzee. 21st Century Scavenger Hunt.},
year = {2011},
url = {http://www.munzee.com/},
}
@online{castar,
author = {TechnicalIllusions},
title = {CastAR},
year = {2013},
url = {technicalillusions.com/castar/},
}